@book{barnett2009quantum,
  title={Quantum information},
  author={Barnett, Stephen},
  volume={16},
  year={2009},
  publisher={Oxford University Press}
}
@inproceedings{grover1996fast,
  title={A fast quantum mechanical algorithm for database search},
  author={Grover, Lov K},
  booktitle={Proceedings of the twenty-eighth annual ACM symposium on Theory of computing},
  pages={212--219},
  year={1996}
}
@article{bennett1997strengths,
  title={Strengths and weaknesses of quantum computing},
  author={Bennett, Charles H and Bernstein, Ethan and Brassard, Gilles and Vazirani, Umesh},
  journal={SIAM journal on Computing},
  volume={26},
  number={5},
  pages={1510--1523},
  year={1997},
  publisher={SIAM}
}
@inproceedings{brassard1998quantum,
  title={Quantum counting},
  author={Brassard, Gilles and H{\o}yer, Peter and Tapp, Alain},
  booktitle={International Colloquium on Automata, Languages, and Programming},
  pages={820--831},
  year={1998},
  organization={Springer}
}
@misc{nielsen2002quantum,
  title={Quantum computation and quantum information},
  author={Nielsen, Michael A and Chuang, Isaac},
  year={2002},
  publisher={American Association of Physics Teachers}
}
@book{kaye2007introduction,
  title={An introduction to quantum computing},
  author={Kaye, Phillip and Laflamme, Raymond and Mosca, Michele and others},
  year={2007},
  publisher={Oxford university press}
}
@article{coppersmith2002approximate,
  title={An approximate Fourier transform useful in quantum factoring},
  author={Coppersmith, Don},
  journal={arXiv preprint quant-ph/0201067},
  year={2002}
}
@misc{nielsen2011quantum,
  title={Quantum Computation and Quantum Information: 10th Anniversary Edition (10th ed.)},
  author={Nielsen, Michael A and Chuang, Isaac L},
  year={2011},
  publisher={Cambridge University Press}
}
@article{capano2016implementing,
	title={Implementing a search for gravitational waves from binary black holes with nonprecessing spin},
	author={Capano, Collin and Harry, Ian and Privitera, Stephen and Buonanno, Alessandra},
	journal={Physical Review D},
	volume={93},
	number={12},
	pages={124007},
	year={2016},
	publisher={APS}
}
@article{sathyaprakash2009physics,
	title={Physics, astrophysics and cosmology with gravitational waves},
	author={Sathyaprakash, Bangalore Suryanarayana and Schutz, Bernard F},
	journal={Living reviews in relativity},
	volume={12},
	number={1},
	pages={2},
	year={2009},
	publisher={Springer}
}
@article{cannon2012toward,
	title={Toward early-warning detection of gravitational waves from compact binary coalescence},
	author={Cannon, Kipp and Cariou, Romain and Chapman, Adrian and Crispin-Ortuzar, Mireia and Fotopoulos, Nickolas and Frei, Melissa and Hanna, Chad and Kara, Erin and Keppel, Drew and Liao, Laura and others},
	journal={The Astrophysical Journal},
	volume={748},
	number={2},
	pages={136},
	year={2012},
	publisher={IOP Publishing}
}
@article{turin1960introduction,
	title={An introduction to matched filters},
	author={Turin, George},
	journal={IRE transactions on Information theory},
	volume={6},
	number={3},
	pages={311--329},
	year={1960},
	publisher={IEEE}
}
@book{helstrom2013statistical,
	title={Statistical theory of signal detection: international series of monographs in electronics and instrumentation},
	author={Helstrom, Carl W},
	volume={9},
	year={2013},
	publisher={Elsevier}
}